<record><leader>00000cas a22000007a 4500</leader><controlfield tag="001">10587599</controlfield><controlfield tag="008">840403d18721896ohuwr ne      0   a0eng d</controlfield><datafield ind1=" " ind2=" " tag="010"><subfield code="a">sn 84028194 </subfield></datafield><datafield ind1=" " ind2=" " tag="040"><subfield code="a">NPY</subfield><subfield code="b">eng</subfield><subfield code="c">NPY</subfield><subfield code="d">NPU</subfield><subfield code="d">ONP</subfield><subfield code="d">OCLCQ</subfield><subfield code="d">DLC</subfield><subfield code="d">OCLCF</subfield></datafield><datafield ind1="0" ind2=" " tag="022"><subfield code="a">2470-6612</subfield><subfield code="2">1</subfield></datafield><datafield ind1="1" ind2=" " tag="029"><subfield code="a">AU@</subfield><subfield code="b">000024686048</subfield></datafield><datafield ind1=" " ind2=" " tag="042"><subfield code="a">msc</subfield><subfield code="a">nsdp</subfield></datafield><datafield ind1=" " ind2=" " tag="043"><subfield code="a">n-us-oh</subfield></datafield><datafield ind1="0" ind2="0" tag="050"><subfield code="a">Newspaper</subfield></datafield><datafield ind1="1" ind2="0" tag="082"><subfield code="a">071</subfield><subfield code="2">23</subfield></datafield><datafield ind1=" " ind2="0" tag="222"><subfield code="a">Northern Ohio journal</subfield><subfield code="b">(Print)</subfield></datafield><datafield ind1="0" ind2="0" tag="245"><subfield code="a">Northern Ohio journal.</subfield></datafield><datafield ind1=" " ind2=" " tag="260"><subfield code="a">Painesville, Ohio :</subfield><subfield code="b">W.C. Chambers &amp; Son,</subfield><subfield code="c">1872-</subfield></datafield><datafield ind1=" " ind2=" " tag="300"><subfield code="a">v.</subfield></datafield><datafield ind1=" " ind2=" " tag="310"><subfield code="a">Weekly</subfield></datafield><datafield ind1="0" ind2=" " tag="362"><subfield code="a">Vol. 1, no. 35 (Mar. 9, 1872)-</subfield></datafield><datafield ind1="1" ind2=" " tag="362"><subfield code="a">Ceased in 1896.</subfield></datafield><datafield ind1=" " ind2=" " tag="500"><subfield code="a">"A family paper, devoted to literature, science, agriculture, and general news," 1872-Nov. 3, 1877; "A family paper, devoted to the interests of the people, and of the Democratic Party in the Nineteenth Congressional District," Nov. 10, 1877-Jan. 22, 1887; "A family Democratic newspaper," Apr. 2, 1887-&lt;1896&gt;.</subfield></datafield><datafield ind1=" " ind2=" " tag="500"><subfield code="a">Independent, 1872-1879; Democratic, 1880-1896.</subfield></datafield><datafield ind1=" " ind2=" " tag="515"><subfield code="a">Suspended Apr. 23-May 28, 1881.</subfield></datafield><datafield ind1=" " ind2=" " tag="515"><subfield code="a">Vol. 20, no. 1-3 (Jan. 4-18, 1890) misdated 1889.</subfield></datafield><datafield ind1=" " ind2=" " tag="515"><subfield code="a">Vol. 21, no. 1-2 (Jan. 5-12, 1892) misdated 1890.</subfield></datafield><datafield ind1=" " ind2=" " tag="530"><subfield code="a">Archived issues are available in digital format from the Library of Congress Chronicling America online collection.</subfield></datafield><datafield ind1=" " ind2=" " tag="580"><subfield code="a">Daily edition titled: Daily Painesville journal; Painesville daily journal.</subfield></datafield><datafield ind1=" " ind2="0" tag="651"><subfield code="a">Painesville (Ohio)</subfield><subfield code="v">Newspapers.</subfield></datafield><datafield ind1=" " ind2="0" tag="651"><subfield code="a">Lake County (Ohio)</subfield><subfield code="v">Newspapers.</subfield></datafield><datafield ind1=" " ind2="7" tag="655"><subfield code="a">Newspapers.</subfield><subfield code="2">fast</subfield><subfield code="0">(OCoLC)fst01423814</subfield></datafield><datafield ind1=" " ind2="7" tag="651"><subfield code="a">Ohio</subfield><subfield code="z">Lake County.</subfield><subfield code="2">fast</subfield><subfield code="0">(OCoLC)fst01205662</subfield></datafield><datafield ind1=" " ind2="7" tag="651"><subfield code="a">Ohio</subfield><subfield code="z">Painesville.</subfield><subfield code="2">fast</subfield><subfield code="0">(OCoLC)fst01238531</subfield></datafield><datafield ind1=" " ind2=" " tag="752"><subfield code="a">United States</subfield><subfield code="b">Ohio</subfield><subfield code="c">Lake</subfield><subfield code="d">Painesville.</subfield></datafield><datafield ind1="1" ind2=" " tag="775"><subfield code="t">Daily Painesville journal</subfield><subfield code="w">(DLC)sn 84028195</subfield></datafield><datafield ind1="1" ind2=" " tag="775"><subfield code="t">Painesville daily journal</subfield><subfield code="w">(DLC)sn 84028196</subfield></datafield><datafield ind1="0" ind2="8" tag="776"><subfield code="i">Online version:</subfield><subfield code="t">Northern Ohio journal</subfield><subfield code="x">2470-6620</subfield><subfield code="w">(DLC)  2015270853</subfield><subfield code="w">(OCoLC)936484456</subfield></datafield><datafield ind1="0" ind2="0" tag="780"><subfield code="t">Painesville journal</subfield><subfield code="w">(DLC)sn 84028193</subfield></datafield><datafield ind1="0" ind2="4" tag="785"><subfield code="t">Lake County advertiser</subfield><subfield code="w">(DLC)sn 84028182</subfield></datafield><datafield ind1="4" ind2="1" tag="856"><subfield code="u">http://www.loc.gov/chroniclingamerica/lccn/sn84028194/issues</subfield></datafield></record>